<record><leader>00000cas a2200000 a 4500</leader><controlfield tag="001">1699451</controlfield><controlfield tag="008">751013d19291989fludn ne      0    0eng c</controlfield><datafield ind1=" " ind2=" " tag="010"><subfield code="a">sn 95026698 </subfield></datafield><datafield ind1=" " ind2=" " tag="040"><subfield code="a">FUL</subfield><subfield code="b">eng</subfield><subfield code="c">FUL</subfield><subfield code="d">FUG</subfield><subfield code="d">OCLCQ</subfield><subfield code="d">OCLCF</subfield><subfield code="d">OCLCO</subfield></datafield><datafield ind1=" " ind2=" " tag="012"><subfield code="i">9509</subfield></datafield><datafield ind1="1" ind2=" " tag="029"><subfield code="a">AU@</subfield><subfield code="b">000025891399</subfield></datafield><datafield ind1=" " ind2=" " tag="042"><subfield code="a">pcc</subfield></datafield><datafield ind1=" " ind2=" " tag="043"><subfield code="a">n-us-fl</subfield></datafield><datafield ind1="0" ind2="0" tag="245"><subfield code="a">DeLand sun news.</subfield></datafield><datafield ind1="3" ind2="0" tag="246"><subfield code="a">De Land sun news</subfield></datafield><datafield ind1=" " ind2=" " tag="260"><subfield code="a">DeLand, Fla. :</subfield><subfield code="b">Gore Pub. Co.,</subfield><subfield code="c">1929-1989.</subfield></datafield><datafield ind1=" " ind2=" " tag="300"><subfield code="a">v.</subfield></datafield><datafield ind1=" " ind2=" " tag="310"><subfield code="a">Daily (except Saturday),</subfield><subfield code="b">-1989</subfield></datafield><datafield ind1=" " ind2=" " tag="321"><subfield code="a">Daily (except Sunday),</subfield><subfield code="b">1929-</subfield></datafield><datafield ind1="0" ind2=" " tag="362"><subfield code="a">Vol. 16, no. 15 (Oct. 21, 1929)- ; -113th year, no. 78 (Aug. 8, 1989).</subfield></datafield><datafield ind1=" " ind2="0" tag="651"><subfield code="a">De Land (Fla.)</subfield><subfield code="v">Newspapers.</subfield></datafield><datafield ind1=" " ind2="0" tag="651"><subfield code="a">Volusia County (Fla.)</subfield><subfield code="v">Newspapers.</subfield></datafield><datafield ind1=" " ind2="7" tag="655"><subfield code="a">Newspapers.</subfield><subfield code="2">fast</subfield><subfield code="0">(OCoLC)fst01423814</subfield></datafield><datafield ind1=" " ind2="7" tag="651"><subfield code="a">Florida</subfield><subfield code="z">De Land.</subfield><subfield code="2">fast</subfield><subfield code="0">(OCoLC)fst01202816</subfield></datafield><datafield ind1=" " ind2="7" tag="651"><subfield code="a">Florida</subfield><subfield code="z">Volusia County.</subfield><subfield code="2">fast</subfield><subfield code="0">(OCoLC)fst01204998</subfield></datafield><datafield ind1=" " ind2=" " tag="752"><subfield code="a">United States</subfield><subfield code="b">Florida</subfield><subfield code="c">Volusia</subfield><subfield code="d">De Land.</subfield></datafield><datafield ind1="0" ind2="4" tag="780"><subfield code="t">DeLand daily sun</subfield><subfield code="w">(DLC)sn 95026695</subfield><subfield code="w">(OCoLC)33138528</subfield></datafield><datafield ind1="0" ind2="4" tag="780"><subfield code="t">DeLand daily news</subfield><subfield code="w">(DLC)sn 86063009</subfield><subfield code="w">(OCoLC)13002025</subfield></datafield><datafield ind1="0" ind2="0" tag="785"><subfield code="t">Sun news (De Land, Fla.)</subfield><subfield code="w">(DLC)sn 95026696</subfield><subfield code="w">(OCoLC)33139386</subfield></datafield><datafield ind1=" " ind2=" " tag="850"><subfield code="a">FU</subfield></datafield></record>